<record><leader>00000cas a22000007a 4500</leader><controlfield tag="001">27301970</controlfield><controlfield tag="008">930121d18731uuucaudn ne      0    0eng d</controlfield><datafield ind1=" " ind2=" " tag="010"><subfield code="a">sn 92068451 </subfield></datafield><datafield ind1=" " ind2=" " tag="040"><subfield code="a">CUY</subfield><subfield code="b">eng</subfield><subfield code="c">CNK</subfield><subfield code="d">OCLCQ</subfield><subfield code="d">OCLCF</subfield><subfield code="d">OCLCO</subfield></datafield><datafield ind1="1" ind2=" " tag="029"><subfield code="a">AU@</subfield><subfield code="b">000020734512</subfield></datafield><datafield ind1=" " ind2=" " tag="042"><subfield code="a">msc</subfield></datafield><datafield ind1=" " ind2=" " tag="043"><subfield code="a">n-us-ca</subfield></datafield><datafield ind1="0" ind2="0" tag="245"><subfield code="a">Petaluma morning Argus.</subfield></datafield><datafield ind1=" " ind2=" " tag="260"><subfield code="a">Petaluma, Cal. :</subfield><subfield code="b">Weston, Scudder &amp; Co.</subfield></datafield><datafield ind1=" " ind2=" " tag="300"><subfield code="a">v.</subfield></datafield><datafield ind1=" " ind2=" " tag="310"><subfield code="a">Daily (during the District Fair)</subfield></datafield><datafield ind1="0" ind2=" " tag="362"><subfield code="a">Vol. 1, no. 1 (Oct. 6, 1873)-</subfield></datafield><datafield ind1=" " ind2=" " tag="550"><subfield code="a">Issued during the District Fairs by: the Sonoma &amp; Main District Agricultural Society.</subfield></datafield><datafield ind1=" " ind2="0" tag="650"><subfield code="a">Agricultural exhibitions</subfield><subfield code="z">California</subfield><subfield code="v">Newspapers.</subfield></datafield><datafield ind1=" " ind2="7" tag="655"><subfield code="a">Newspapers.</subfield><subfield code="2">fast</subfield><subfield code="0">(OCoLC)fst01423814</subfield></datafield><datafield ind1=" " ind2="7" tag="650"><subfield code="a">Agricultural exhibitions.</subfield><subfield code="2">fast</subfield><subfield code="0">(OCoLC)fst00800761</subfield></datafield><datafield ind1=" " ind2="7" tag="651"><subfield code="a">California.</subfield><subfield code="2">fast</subfield><subfield code="0">(OCoLC)fst01204928</subfield></datafield><datafield ind1="2" ind2=" " tag="710"><subfield code="a">Sonoma &amp; Marin District Agricultural Society.</subfield></datafield><datafield ind1=" " ind2=" " tag="752"><subfield code="a">United States</subfield><subfield code="b">California</subfield><subfield code="c">Sonoma</subfield><subfield code="d">Petaluma.</subfield></datafield><datafield ind1="0" ind2=" " tag="775"><subfield code="t">Petaluma weekly Argus</subfield><subfield code="w">(DLC)sn 85025022</subfield></datafield></record>